<?xml version="1.0" encoding="UTF-8"?>
  <record xmlns="http://www.loc.gov/MARC21/slim" type="Authority">
    <leader>00000nz  a2200000nc 4500</leader>
    <controlfield tag="001">118597035</controlfield>
    <controlfield tag="003">DE-101</controlfield>
    <controlfield tag="005">20220311163953.0</controlfield>
    <controlfield tag="008">880701n||azznnaabn           | aaa    |c</controlfield>
    <datafield tag="024" ind1="7" ind2=" ">
      <subfield code="a">118597035</subfield>
      <subfield code="0">http://d-nb.info/gnd/118597035</subfield>
      <subfield code="2">gnd</subfield>
    </datafield>
    <datafield tag="035" ind1=" " ind2=" ">
      <subfield code="a">(DE-101)118597035</subfield>
    </datafield>
    <datafield tag="035" ind1=" " ind2=" ">
      <subfield code="a">(DE-588)118597035</subfield>
    </datafield>
    <datafield tag="035" ind1=" " ind2=" ">
      <subfield code="z">(DE-588a)118597035</subfield>
      <subfield code="9">v:zg</subfield>
    </datafield>
    <datafield tag="035" ind1=" " ind2=" ">
      <subfield code="z">(DE-588c)4047798-8</subfield>
      <subfield code="9">v:zg</subfield>
    </datafield>
    <datafield tag="040" ind1=" " ind2=" ">
      <subfield code="a">DE-101</subfield>
      <subfield code="c">DE-101</subfield>
      <subfield code="9">r:DE-101</subfield>
      <subfield code="b">ger</subfield>
      <subfield code="d">9999</subfield>
    </datafield>
    <datafield tag="042" ind1=" " ind2=" ">
      <subfield code="a">gnd1</subfield>
    </datafield>
    <datafield tag="043" ind1=" " ind2=" ">
      <subfield code="c">XA-DE</subfield>
    </datafield>
    <datafield tag="065" ind1=" " ind2=" ">
      <subfield code="a">3.6p</subfield>
      <subfield code="2">sswd</subfield>
    </datafield>
    <datafield tag="065" ind1=" " ind2=" ">
      <subfield code="a">16.5p</subfield>
      <subfield code="2">sswd</subfield>
    </datafield>
    <datafield tag="075" ind1=" " ind2=" ">
      <subfield code="b">p</subfield>
      <subfield code="2">gndgen</subfield>
    </datafield>
    <datafield tag="075" ind1=" " ind2=" ">
      <subfield code="b">piz</subfield>
      <subfield code="2">gndspec</subfield>
    </datafield>
    <datafield tag="079" ind1=" " ind2=" ">
      <subfield code="a">g</subfield>
      <subfield code="q">a</subfield>
      <subfield code="q">f</subfield>
      <subfield code="q">s</subfield>
      <subfield code="u">v</subfield>
      <subfield code="u">o</subfield>
      <subfield code="u">w</subfield>
    </datafield>
    <datafield tag="100" ind1="1" ind2=" ">
      <subfield code="a">Pürstinger, Berthold</subfield>
      <subfield code="d">1465-1543</subfield>
    </datafield>
    <datafield tag="375" ind1=" " ind2=" ">
      <subfield code="a">1</subfield>
      <subfield code="2">iso5218</subfield>
    </datafield>
    <datafield tag="400" ind1="0" ind2=" ">
      <subfield code="a">Berthold</subfield>
      <subfield code="c">Chiemsee, Bischof</subfield>
      <subfield code="d">1465-1543</subfield>
    </datafield>
    <datafield tag="400" ind1="0" ind2=" ">
      <subfield code="a">Berthold</subfield>
      <subfield code="c">Chiemsee, Fürstbischof</subfield>
      <subfield code="d">1465-1543</subfield>
    </datafield>
    <datafield tag="400" ind1="0" ind2=" ">
      <subfield code="a">Berthold</subfield>
      <subfield code="c">of Chiemsee</subfield>
      <subfield code="d">1465-1543</subfield>
    </datafield>
    <datafield tag="400" ind1="0" ind2=" ">
      <subfield code="a">Berthold</subfield>
      <subfield code="c">von Chiemsee</subfield>
      <subfield code="d">1465-1543</subfield>
    </datafield>
    <datafield tag="400" ind1="0" ind2=" ">
      <subfield code="a">Bertold</subfield>
      <subfield code="c">zu Kiembse</subfield>
      <subfield code="d">1465-1543</subfield>
    </datafield>
    <datafield tag="400" ind1="0" ind2=" ">
      <subfield code="a">Bertoldus</subfield>
      <subfield code="c">Episcopus Chiemensis</subfield>
      <subfield code="d">1465-1543</subfield>
    </datafield>
    <datafield tag="400" ind1="1" ind2=" ">
      <subfield code="a">Pirstinger, Berthold</subfield>
      <subfield code="d">1465-1543</subfield>
      <subfield code="9">v:(VD-16)</subfield>
    </datafield>
    <datafield tag="400" ind1="1" ind2=" ">
      <subfield code="a">Bertholdus, episcopus Chiemensis</subfield>
      <subfield code="d">1465-1543</subfield>
    </datafield>
    <datafield tag="400" ind1="1" ind2=" ">
      <subfield code="a">Johannes, Bischof von Chiemsee</subfield>
      <subfield code="d">1465-1543</subfield>
    </datafield>
    <datafield tag="400" ind1="0" ind2=" ">
      <subfield code="a">Bertholdus</subfield>
      <subfield code="c">Chiemensis</subfield>
      <subfield code="d">1465-1543</subfield>
    </datafield>
    <datafield tag="400" ind1="0" ind2=" ">
      <subfield code="a">Bertholdus</subfield>
      <subfield code="c">Episcopus Chiemensis</subfield>
      <subfield code="d">1465-1543</subfield>
    </datafield>
    <datafield tag="400" ind1="0" ind2=" ">
      <subfield code="a">Bertholdus</subfield>
      <subfield code="c">von Chiemsee</subfield>
      <subfield code="d">1465-1543</subfield>
    </datafield>
    <datafield tag="400" ind1="0" ind2=" ">
      <subfield code="a">Bertold</subfield>
      <subfield code="c">von Chiemsee</subfield>
      <subfield code="d">1465-1543</subfield>
    </datafield>
    <datafield tag="400" ind1="0" ind2=" ">
      <subfield code="a">Bertoldus</subfield>
      <subfield code="c">Chiemensis</subfield>
      <subfield code="d">1465-1543</subfield>
    </datafield>
    <datafield tag="400" ind1="1" ind2=" ">
      <subfield code="a">Pirstinger, Bertholdus</subfield>
      <subfield code="d">1465-1543</subfield>
    </datafield>
    <datafield tag="400" ind1="1" ind2=" ">
      <subfield code="a">Pirstinger, Bertold</subfield>
      <subfield code="d">1465-1543</subfield>
    </datafield>
    <datafield tag="400" ind1="1" ind2=" ">
      <subfield code="a">Purschtinger, Berthold</subfield>
      <subfield code="d">1465-1543</subfield>
    </datafield>
    <datafield tag="500" ind1="1" ind2=" ">
      <subfield code="0">(DE-101)119858797</subfield>
      <subfield code="0">(DE-588)119858797</subfield>
      <subfield code="0">https://d-nb.info/gnd/119858797</subfield>
      <subfield code="a">Viepöck, Vinzenz</subfield>
      <subfield code="4">beza</subfield>
      <subfield code="4">https://d-nb.info/standards/elementset/gnd#acquaintanceshipOrFriendship</subfield>
      <subfield code="w">r</subfield>
      <subfield code="i">Bekanntschaft</subfield>
      <subfield code="e">Bekanntschaft</subfield>
      <subfield code="9">v:VD-16 Mitverf.</subfield>
    </datafield>
    <datafield tag="548" ind1=" " ind2=" ">
      <subfield code="a">1465-1543</subfield>
      <subfield code="4">datl</subfield>
      <subfield code="4">https://d-nb.info/standards/elementset/gnd#dateOfBirthAndDeath</subfield>
      <subfield code="w">r</subfield>
      <subfield code="i">Lebensdaten</subfield>
    </datafield>
    <datafield tag="550" ind1=" " ind2=" ">
      <subfield code="0">(DE-101)041631994</subfield>
      <subfield code="0">(DE-588)4163199-7</subfield>
      <subfield code="0">https://d-nb.info/gnd/4163199-7</subfield>
      <subfield code="a">Kanoniker</subfield>
      <subfield code="4">berc</subfield>
      <subfield code="4">https://d-nb.info/standards/elementset/gnd#professionOrOccupation</subfield>
      <subfield code="w">r</subfield>
      <subfield code="i">Charakteristischer Beruf</subfield>
    </datafield>
    <datafield tag="667" ind1=" " ind2=" ">
      <subfield code="a">12</subfield>
    </datafield>
    <datafield tag="667" ind1=" " ind2=" ">
      <subfield code="a">384</subfield>
    </datafield>
    <datafield tag="667" ind1=" " ind2=" ">
      <subfield code="a">7</subfield>
    </datafield>
    <datafield tag="667" ind1=" " ind2=" ">
      <subfield code="a">VD-16</subfield>
    </datafield>
    <datafield tag="667" ind1=" " ind2=" ">
      <subfield code="a">VD-17</subfield>
    </datafield>
    <datafield tag="667" ind1=" " ind2=" ">
      <subfield code="a">Quelle: LCAuth / DNB-Normdaten/KIDS (Info. DNB: Lebensdaten: 1465-1543 ; Land: Deutschland ; Beruf(e): Kanoniker ; Weitere Angaben: Geboren in Salzburg; seine Verfasserschaft von "Onus ecclesiae" ist nicht gesichert; als möglicher Verfasser wird auch Johannes Ebser genannt; Kanoniker, Bischof von Chiemsee und Weihbischof von Salzburg, theologischer Schriftsteller)</subfield>
    </datafield>
    <datafield tag="670" ind1=" " ind2=" ">
      <subfield code="a">M, B, Gams</subfield>
    </datafield>
    <datafield tag="670" ind1=" " ind2=" ">
      <subfield code="a">LCAuth</subfield>
    </datafield>
    <datafield tag="672" ind1=" " ind2="0">
      <subfield code="a">Onus Ecclesiae</subfield>
      <subfield code="f">1524</subfield>
    </datafield>
    <datafield tag="672" ind1=" " ind2="0">
      <subfield code="a">Teutsche Theologey</subfield>
      <subfield code="f">1528</subfield>
    </datafield>
    <datafield tag="672" ind1=" " ind2="0">
      <subfield code="a">Theologia germanica</subfield>
      <subfield code="f">1531</subfield>
    </datafield>
    <datafield tag="672" ind1=" " ind2="0">
      <subfield code="a">Teutsch Rational über das Ambt heiliger Meß</subfield>
      <subfield code="f">1535</subfield>
    </datafield>
    <datafield tag="672" ind1=" " ind2="0">
      <subfield code="a">Rationale Teutsch, über das Amt der heiligen Meß</subfield>
      <subfield code="f">1535</subfield>
    </datafield>
    <datafield tag="672" ind1=" " ind2="0">
      <subfield code="a">Die deutsche Theologie</subfield>
      <subfield code="f">1817</subfield>
    </datafield>
    <datafield tag="672" ind1=" " ind2="0">
      <subfield code="a">Pirstinger, Berthold: Reuerendi in CHRISTO Patris ac domini,D.Ioannis, olim Episcopi Chemensis &amp; ...  1531.  (VD16 P 2934)</subfield>
    </datafield>
    <datafield tag="672" ind1=" " ind2="0">
      <subfield code="a">Pirstinger, Berthold: ONVS ECCLESIAE· In hoc libro ... admiranda quaedam ac planè obstupenda, de septem ecclesiae ...  1531.  (VD16 P 2933)</subfield>
    </datafield>
    <datafield tag="672" ind1=" " ind2="0">
      <subfield code="a">Pirstinger, Berthold: Onus Ecclesie..  1524.  (VD16 P 2929)</subfield>
    </datafield>
    <datafield tag="672" ind1=" " ind2="0">
      <subfield code="a">Pirstinger, Berthold: Tewtsch Rational über das Ambt heiliger meß.(Keligpuchel Ob der kelig ausserhalb der ...  1535.  (VD16 P 2925)</subfield>
    </datafield>
    <datafield tag="672" ind1=" " ind2="0">
      <subfield code="a">Pirstinger, Berthold: ONVS ECCLSIAE· TEMPORIBVS HISCE DEPLORANDIS APOcalypseos suis aeque conueniens, Turcorum\[que] ...  1531.  (VD16 P 2930)</subfield>
    </datafield>
    <datafield tag="672" ind1=" " ind2="0">
      <subfield code="a">Pirstinger, Berthold: Reuerendi in CHRISTO Patris ac domini D.Ioannis, olim Episcopi Chemensis, &amp; ...  1531.  (VD16 P 2935)</subfield>
    </datafield>
    <datafield tag="672" ind1=" " ind2="0">
      <subfield code="a">Pirstinger, Berthold: Onus Ecclesie..  1524.  (VD16 P 2928)</subfield>
    </datafield>
    <datafield tag="672" ind1=" " ind2="0">
      <subfield code="a">Pirstinger, Berthold: ONVS ECCLESIAE· IN hoc Libro ... admiranda que̜dam ac planè obstupenda, de septem Ecclesiae ...  1531.  (VD16 P 2932)</subfield>
    </datafield>
    <datafield tag="672" ind1=" " ind2="0">
      <subfield code="a">Pirstinger, Berthold: Tewtsche Theologey͏̈ .  1528.  (VD16 P 2923)</subfield>
    </datafield>
    <datafield tag="672" ind1=" " ind2="0">
      <subfield code="a">Pirstinger, Berthold: Onus Ecclesie.  1524.  (VD16 P 2927)</subfield>
    </datafield>
    <datafield tag="678" ind1=" " ind2=" ">
      <subfield code="b">Geboren in Salzburg; seine Verfasserschaft von "Onus ecclesiae" ist nicht gesichert; als möglicher Verfasser wird auch Johannes Ebser genannt; Kanoniker, Bischof von Chiemsee und Weihbischof von Salzburg, theologischer Schriftsteller</subfield>
    </datafield>
    <datafield tag="913" ind1=" " ind2=" ">
      <subfield code="S">pnd</subfield>
      <subfield code="i">a</subfield>
      <subfield code="a">Pürstinger, Berthold</subfield>
      <subfield code="0">(DE-588a)118597035</subfield>
    </datafield>
  </record>
